@misc { mcg,
author = {MC Gefahr},
title = {Battlerap}	
}

